<?xml version="1.0" encoding="UTF-8"?><record xmlns="http://www.loc.gov/MARC21/slim" xmlns:cinclude="http://apache.org/cocoon/include/1.0" xmlns:zs="http://www.loc.gov/zing/srw/">
  <leader>00828cz  a2200205n  4500</leader>
  <controlfield tag="001">nr 99038409 </controlfield>
  <controlfield tag="003">DLC</controlfield>
  <controlfield tag="005">20100623075557.0</controlfield>
  <controlfield tag="008">991207n| acaaaaaan          |a ana      </controlfield>
  <datafield tag="010" ind1=" " ind2=" ">
    <subfield code="a">nr 99038409 </subfield>
  </datafield>
  <datafield tag="040" ind1=" " ind2=" ">
    <subfield code="a">DLC-R</subfield>
    <subfield code="b">eng</subfield>
    <subfield code="c">DLC-R</subfield>
    <subfield code="d">DLC</subfield>
  </datafield>
  <datafield tag="130" ind1=" " ind2="0">
    <subfield code="a">Ch'ŏngsonyŏn suryŏn kŏri (Han'guk Ch'ŏngsonyŏn Kaebarwŏn)</subfield>
  </datafield>
  <datafield tag="410" ind1="2" ind2=" ">
    <subfield code="a">Han'guk Ch'ŏngsonyŏn Kaebarwŏn.</subfield>
    <subfield code="t">Ch'ŏngsonyŏn suryŏn kŏri</subfield>
  </datafield>
  <datafield tag="642" ind1=" " ind2=" ">
    <subfield code="a">17</subfield>
    <subfield code="5">DPCC</subfield>
    <subfield code="5">DLC-R</subfield>
  </datafield>
  <datafield tag="643" ind1=" " ind2=" ">
    <subfield code="a">Sŏul-si</subfield>
    <subfield code="b">In'gan kwa Pokchi</subfield>
  </datafield>
  <datafield tag="644" ind1=" " ind2=" ">
    <subfield code="a">f</subfield>
    <subfield code="5">DLC-R</subfield>
  </datafield>
  <datafield tag="645" ind1=" " ind2=" ">
    <subfield code="a">t</subfield>
    <subfield code="5">DPCC</subfield>
    <subfield code="5">DLC-R</subfield>
  </datafield>
  <datafield tag="646" ind1=" " ind2=" ">
    <subfield code="a">s</subfield>
    <subfield code="5">DLC-R</subfield>
  </datafield>
  <datafield tag="667" ind1=" " ind2=" ">
    <subfield code="a">Cannot verify the relationship with: Han'guk Ch'ŏngsonyŏn Yŏn'guwŏn's Ch'ŏngsonyŏn suryŏn kŏri</subfield>
  </datafield>
  <datafield tag="670" ind1=" " ind2=" ">
    <subfield code="a">Kukt'o sarang paenang yŏhaeng hwaltong, 1997:</subfield>
    <subfield code="b">cover (Ch'ŏngsonyŏn suryŏn kŏri) t.p. (Han'guk Ch'ŏngsonyŏn Kaebarwŏn)</subfield>
  </datafield>
</record>